<record><leader>00000cas a22000007a 4500</leader><controlfield tag="001">19990943</controlfield><controlfield tag="008">890711d19uu19uupr wr ne      0    0spa d</controlfield><datafield ind1=" " ind2=" " tag="010"><subfield code="a">sn 89078084 </subfield></datafield><datafield ind1=" " ind2=" " tag="040"><subfield code="a">PNN</subfield><subfield code="b">eng</subfield><subfield code="c">PNN</subfield><subfield code="d">OCLCQ</subfield></datafield><datafield ind1=" " ind2=" " tag="042"><subfield code="a">msc</subfield></datafield><datafield ind1="0" ind2="0" tag="245"><subfield code="a">Libertad.</subfield></datafield><datafield ind1=" " ind2=" " tag="260"><subfield code="a">Lares, P.R. :</subfield><subfield code="b">Tipografi&#769;a Libertad</subfield></datafield><datafield ind1=" " ind2=" " tag="300"><subfield code="a">v.</subfield></datafield><datafield ind1=" " ind2=" " tag="310"><subfield code="a">Weekly</subfield></datafield><datafield ind1=" " ind2=" " tag="500"><subfield code="a">&quot;El u&#769;nico perio&#769;dico del distrito de Aguadilla.&quot;</subfield></datafield><datafield ind1=" " ind2=" " tag="500"><subfield code="a">"Semanario absolutamente imparcial."</subfield></datafield><datafield ind1=" " ind2=" " tag="588"><subfield code="a">Description based on: An&#771;o 13, nu&#769;m. 643 (8 de feb. de 1931).</subfield></datafield><datafield ind1=" " ind2=" " tag="752"><subfield code="a">United States</subfield><subfield code="b">Puerto Rico</subfield><subfield code="d">Lares.</subfield></datafield><datafield ind1=" " ind2=" " tag="752"><subfield code="a">United States</subfield><subfield code="b">Puerto Rico</subfield><subfield code="d">Aguadilla.</subfield></datafield></record>